@book{kier2005,
  author    = {Kier, Lemont B. and Seybold, Paul G. and Cheng, ChaoKun},
  title     = {Cellular Automata Modeling of Chemical Systems},
  year      = {2005},
  publisher = {Springer},
  address   = {Dordrecht}
}

@book{BAILEY_OLLIS_1986,
  author    = {Bailey, James E. and Ollis, David F.},
  title     = {Biochemical Engineering Fundamentals},
  edition   = {2},
  year      = {1986},
  publisher = {McGraw-Hill},
  address   = {New York}
}

@book{FOGLER_2016,
  author    = {Fogler, H. Scott},
  title     = {Elementos de Engenharia das Reações Químicas},
  edition   = {5},
  year      = {2016},
  publisher = {Pearson Prentice Hall},
  address   = {São Paulo}
}

@article{SHELDON_WOODLEY_2018,
  author  = {Sheldon, Roger A. and Woodley, John M.},
  title   = {Role of biocatalysis in sustainable chemistry},
  journal = {Chemical Reviews},
  volume  = {118},
  number  = {2},
  year    = {2018},
  address = {Washington}
}

@article{SOUZA_etal_2020,
  author  = {Souza, Thayná A. de and Lima, Rafael S. and Santos, Alex M. dos},
  title   = {Enzymatic catalysis in biphasic systems: mechanisms and modeling strategies},
  journal = {Biotechnology Advances},
  volume  = {43},
  year    = {2020},
  address = {Amsterdam}
}

@article{TANEJA_etal_2019,
  author  = {Taneja, Richa and Singh, Ratnesh and Gill, Poonam Kaur},
  title   = {Industrial applications of enzymes: Recent advances, techniques and perspectives},
  journal = {Biocatalysis and Agricultural Biotechnology},
  volume  = {20},
  year    = {2019},
  address = {Amsterdam}
}

@book{nelson2018,
  author    = {Nelson, David L. and Cox, Michael M.},
  title     = {Princípios de Bioquímica de Lehninger},
  year      = {2018},
  edition   = {7},
  publisher = {Artmed},
  address   = {Porto Alegre}
}

@book{leach2001,
  author    = {Leach, Andrew R.},
  title     = {Princípios de Modelagem Molecular},
  year      = {2001},
  edition   = {2},
  publisher = {Artmed},
  address   = {Porto Alegre}
}

@article{vandermeer2001,
  author    = {Van der Meer, B. W. and Buurmans, H. P. and Bakker, H. J.},
  title     = {Effect of surfactants on enzyme activity and structure in heterogeneous media},
  journal   = {Journal of Molecular Catalysis B: Enzymatic},
  year      = {2001},
  volume    = {11},
  number    = {1--6},
  publisher = {Elsevier}
}

@book{schmid2002enzyme,
  author    = {Schmid, R. D. and Dordick, J. S.},
  title     = {Enzyme Catalysis in Organic Synthesis},
  publisher = {Wiley-VCH},
  year      = {2002},
  address   = {Weinheim}
}

@incollection{lau2010surfactants,
  author    = {Lau, R. M. and Sheldon, R. A.},
  title     = {Surfactants in Enzyme Biotechnology},
  booktitle = {Biocatalysis for Green Chemistry and Chemical Process Development},
  publisher = {Wiley},
  year      = {2010}
}

@article{Gardner1970,
  author  = {Gardner, Martin},
  title   = {The fantastic combinations of John Conway's new solitaire game "Life"},
  journal = {Scientific American},
  number  = {4},
  year    = {1970}
}

@article{Gillespie1977,
  author  = {Gillespie, Daniel T.},
  title   = {Exact Stochastic Simulation of Coupled Chemical Reactions},
  journal = {The Journal of Physical Chemistry},
  number  = {25},
  year    = {1977}
}

@misc{vasconcelos2019,
  author      = {Vasconcelos, Rafael Cypriano},
  title       = {Simulação da Cinética Enzimática Utilizando Autômatos Celulares},
  year        = {2019},
  note        = {Trabalho de Conclusão de Curso (Graduação) – Universidade Federal do Rio de Janeiro, Rio de Janeiro, 2019},
  institution = {Universidade Federal do Rio de Janeiro},
  address     = {Rio de Janeiro}
}

@article{dutta2015generalized,
  author  = {Dutta, A. and Kar, S. and Apte, A. and Nopens, I. and Constales, D. and outros},
  title   = {A generalized cellular automata approach to modeling first order enzyme kinetics},
  journal = {Sadhana},
  year    = {2015},
  volume  = {40}
}

@book{weimar2002cellular,
  author    = {Weimar, J. R.},
  title     = {Cellular automata approaches to enzymatic reaction networks},
  booktitle = {ACRI 2002 – Lecture Notes in Computer Science},
  editor    = {Bandini, S. and Chopard, B. and Tomassini, M.},
  year      = {2002},
  publisher = {Springer},
  address   = {Berlin, Heidelberg}
}

@article{seybold1997simulation,
  author  = {Seybold, P. G. and Kier, L. B. and Cheng, C. K.},
  title   = {Simulation of first-order chemical kinetics using cellular automata},
  journal = {Journal of Chemical Information and Computer Sciences},
  year    = {1997},
  volume  = {37},
  number  = {3}
}

@book{buchholz2016enzymes,
  author    = {Buchholz, Klaus and Kasche, Volker and Bornscheuer, Uwe Theo},
  title     = {Enzymes in Industry: Production and Applications},
  publisher = {Wiley-VCH},
  year      = {2016},
  edition   = {3},
  address   = {Weinheim}
}

@book{patel2007biocatalysis,
  author    = {Patel, Raj K.},
  title     = {Biocatalysis in the Pharmaceutical and Biotechnology Industries},
  publisher = {CRC Press},
  year      = {2007},
  address   = {Boca Raton}
}

@misc{repositorio_tcc_eng_quimica,
  author       = {Alex Matos da Silva},
  title        = {cellular-automata-simulator-chem-eng},
  year         = {2025},
  howpublished = {\url{https://github.com/Alexms95/cellular-automata-simulator-chem-eng}},
  note         = {Repositório no GitHub. Acesso em: 1 jul. 2025.}
}

@online{libretexts_michaelis_menten,
  author       = {LibreTexts Contributors},
  title        = {Michaelis-Menten Kinetics},
  year         = {2024},
  url          = {https://chem.libretexts.org/Bookshelves/Biological_Chemistry/Supplemental_Modules_(Biological_Chemistry)/Enzymes/Enzymatic_Kinetics/Michaelis-Menten_Kinetics},
  note         = {Acesso em: 7 jul. 2025.},
  organization = {LibreTexts Chemistry}
}

@book{klibanov,
  author   = {Klibanov, A. M. and Koskinen, A. M. P.},
  title    = {Enzymatic Reactions in Organic Media},
  year     = {1996},
  language = {English}
}

@book{bisswanger2017,
  author    = {Bisswanger, H.},
  title     = {Enzyme Kinetics: Principles and Methods},
  edition   = {3},
  year      = {2017},
  publisher = {Wiley-VCH},
  address   = {Weinheim},
  language  = {English}
}

@online{python,
  author = {Python Software Foundation},
  title  = {Python Programming Language},
  url    = {https://www.python.org/},
  year   = {2025},
  note   = {Acesso em: 7 jul. 2025.}
}

@online{numpy,
  author = {Harris, Charles R. et al.},
  title  = {NumPy},
  url    = {https://numpy.org/},
  year   = {2025},
  note   = {Acesso em: 7 jul. 2025.}
}

@online{pandas,
  author = {The pandas development team},
  title  = {pandas},
  url    = {https://pandas.pydata.org/},
  year   = {2025},
  note   = {Acesso em: 7 jul. 2025.}
}

@online{matplotlib,
  author = {Hunter, John D. et al.},
  title  = {Matplotlib},
  url    = {https://matplotlib.org/},
  year   = {2025},
  note   = {Acesso em: 7 jul. 2025.}
}

@online{fastapi,
  author = {Ramírez, Sebastián},
  title  = {FastAPI},
  url    = {https://fastapi.tiangolo.com/},
  year   = {2025},
  note   = {Acesso em: 7 jul. 2025.}
}

@online{sqlalchemy,
  author = {Bayer, Michael et al.},
  title  = {SQLAlchemy},
  url    = {https://www.sqlalchemy.org/},
  year   = {2025},
  note   = {Acesso em: 7 jul. 2025.}
}

@online{react,
  author = {Facebook, Inc.},
  title  = {React – A JavaScript library for building user interfaces},
  url    = {https://react.dev/},
  year   = {2025},
  note   = {Acesso em: 7 jul. 2025.}
}

@online{postgresql,
  author = {The PostgreSQL Global Development Group},
  title  = {PostgreSQL: The World's Most Advanced Open Source Relational Database},
  url    = {https://www.postgresql.org/},
  year   = {2025},
  note   = {Acesso em: 7 jul. 2025.}
}

@misc{file_michaelis_menten_sp_e_es,
  author       = {{Wikipedia}},
  title        = {{File: Michaelis–Menten S P E ES.svg}},
  howpublished = {{Disponível em: \url{https://en.wikipedia.org/wiki/File:Michaelis\_Menten\_S\_P\_E\_ES.svg}}},
  note         = {{Acesso em: 10 jul. 2025}},
  year = {2011},
}
